<record><leader>00000cas a22000007a 4500</leader><controlfield tag="001">25971690</controlfield><controlfield tag="008">920608d19uu191uwyuwr ne      0    0eng d</controlfield><datafield ind1=" " ind2=" " tag="010"><subfield code="a">sn 92067086 </subfield></datafield><datafield ind1=" " ind2=" " tag="040"><subfield code="a">NVO</subfield><subfield code="b">eng</subfield><subfield code="c">NVO</subfield><subfield code="d">OCLCQ</subfield></datafield><datafield ind1=" " ind2=" " tag="042"><subfield code="a">msc</subfield></datafield><datafield ind1="0" ind2="4" tag="245"><subfield code="a">The Lander eagle.</subfield></datafield><datafield ind1=" " ind2=" " tag="260"><subfield code="a">Lander, Fremont County, Wyo. :</subfield><subfield code="b">T.G. Nicholson</subfield></datafield><datafield ind1=" " ind2=" " tag="300"><subfield code="a">v.</subfield></datafield><datafield ind1=" " ind2=" " tag="310"><subfield code="a">Weekly</subfield></datafield><datafield ind1=" " ind2=" " tag="588"><subfield code="a">Description based on: 4th year, no. 10 (Apr. 10, 1914).</subfield></datafield><datafield ind1=" " ind2="4" tag="651"><subfield code="a">Lander (Wyo.)</subfield><subfield code="v">Newspapers.</subfield></datafield><datafield ind1=" " ind2="4" tag="651"><subfield code="a">Fremont County (Wyo.)</subfield><subfield code="v">Newspapers.</subfield></datafield><datafield ind1=" " ind2=" " tag="752"><subfield code="a">United States</subfield><subfield code="b">Wyoming</subfield><subfield code="c">Fremont</subfield><subfield code="d">Lander.</subfield></datafield><datafield ind1="0" ind2="7" tag="785"><subfield code="t">Riverton chronicle</subfield></datafield><datafield ind1="0" ind2="7" tag="785"><subfield code="t">Riverton chronicle and the Lander eagle</subfield><subfield code="w">(DLC)sn 92067087</subfield></datafield></record>